@MastersThesis{ Schatten2008,
	author = "Markus Schatten",
	title = "Zasnivanje otvorene ontologije odabranih segmenata biometrijske znanosti",
	school = "Faculty of Organization and Informatics",
	type = "M.Sc. diss.",
	address = "Vara\v{z}din",
	month = "January",
	institution = "University of Zagreb",
	timestamp = "2008.10.09",
	year=2008
}

@Unpublished{ Malekovic2017,
	author = "Dr. sc. Mirko Malekovic",
	title = "Teorija Baza Podataka",
	address = "Vara\v{z}din",
	month = "January",
	institution = "University of Zagreb",
	timestamp = "2017.07.19",
	year=2017
}